\bibliographystyle{unrst}
@article{atcollab:jinst,
      author         = "Aad, G. and others",
      title          = "{The ATLAS Experiment at the CERN Large Hadron Collider}",
      collaboration  = "ATLAS",
      journal        = "JINST",
      volume         = "3",
      year           = "2008",
      pages          = "S08003",
      doi            = "10.1088/1748-0221/3/08/S08003",
      SLACcitation   = "%%CITATION = JINST,3,S08003;%%"
}

@ARTICLE{feng:DM,
   author = {{Feng}, J.~L.},
    title = "{Dark Matter Candidates from Particle Physics and Methods of Detection}",
  journal = {Annual Review of Astronomy \& Astrophysics},
archivePrefix = "arXiv",
   eprint = {1003.0904},
 primaryClass = "astro-ph.CO",
     year = 2010,
    month = sep,
   volume = 48,
    pages = {495-545},
      doi = {10.1146/annurev-astro-082708-101659},
   adsurl = {http://adsabs.harvard.edu/abs/2010ARA\%26A..48..495F},
  adsnote = {Provided by the SAO/NASA Astrophysics Data System}
}
@ARTICLE{Planck:results,
   author = {{Planck Collaboration} and {Ade}, P.~A.~R. and {Aghanim}, N. and 
	{Armitage-Caplan}, C. and {Arnaud}, M. and {Ashdown}, M. and 
	{Atrio-Barandela}, F. and {Aumont}, J. and {Baccigalupi}, C. and 
	{Banday}, A.~J. and et al.},
    title = "{Planck 2013 results. XVI. Cosmological parameters}",
  journal = {Astronomy and Astrophysics},
archivePrefix = "arXiv",
   eprint = {1303.5076},
 keywords = {cosmic background radiation, cosmological parameters, early Universe, inflation, primordial nucleosynthesis},
     year = 2014,
    month = nov,
   volume = 571,
      eid = {A16},
    pages = {A16},
      doi = {10.1051/0004-6361/201321591},
   adsurl = {http://adsabs.harvard.edu/abs/2014A%26A...571A..16P},
  adsnote = {Provided by the SAO/NASA Astrophysics Data System}
}

@ARTICLE{DMcollider,
   author = {{Askew}, A. and {Chauhan}, S. and {Penning}, B. and {Shepherd}, W. and 
	{Tripathi}, M.},
    title = "{Searching for dark matter at hadron colliders}",
  journal = {International Journal of Modern Physics A},
archivePrefix = "arXiv",
   eprint = {1406.5662},
 primaryClass = "hep-ph",
 keywords = {Dark matter, LHC, WIMP, Dark matter, Inclusive production with identified leptons photons or other nonhadronic particles, Limits on production of particles},
     year = 2014,
    month = sep,
   volume = 29,
      eid = {1430041},
    pages = {1430041},
      doi = {10.1142/S0217751X14300415},
   adsurl = {http://adsabs.harvard.edu/abs/2014IJMPA..2930041A},
  adsnote = {Provided by the SAO/NASA Astrophysics Data System}
}
@bookinbook{book:971430,
   title =     {Gravitational Lenses},
   author =    {Dr. Peter Schneider, Professor Dr. J\"urgen Ehlers, Dr. Emilio E. Falco (auth.)},
   publisher = {Springer-Verlag Berlin Heidelberg},
   isbn =      {978-3-540-66506-9,978-3-662-03758-4},
   year =      {1992},
   series =    {Astronomy and Astrophysics Library},
   edition =   {1},
   volume =    {},
}
@ARTICLE{snowmass,
   author = {{Cushman}, P. and {Galbiati}, C. and {McKinsey}, D.~N. and {Robertson}, H. and 
	{Tait}, T.~M.~P. and {Bauer}, D. and {Borgland}, A. and {Cabrera}, B. and 
	{Calaprice}, F. and {Cooley}, J. and {Empl}, T. and {Essig}, R. and 
	{Figueroa-Feliciano}, E. and {Gaitskell}, R. and {Golwala}, S. and 
	{Hall}, J. and {Hill}, R. and {Hime}, A. and {Hoppe}, E. and 
	{Hsu}, L. and {Hungerford}, E. and {Jacobsen}, R. and {Kelsey}, M. and 
	{Lang}, R.~F. and {Lippincott}, W.~H. and {Loer}, B. and {Luitz}, S. and 
	{Mandic}, V. and {Mardon}, J. and {Maricic}, J. and {Maruyama}, R. and 
	{Mahapatra}, R. and {Nelson}, H. and {Orrell}, J. and {Palladino}, K. and 
	{Pantic}, E. and {Partridge}, R. and {Ryd}, A. and {Saab}, T. and 
	{Sadoulet}, B. and {Schnee}, R. and {Shepherd}, W. and {Sonnenschein}, A. and 
	{Sorensen}, P. and {Szydagis}, M. and {Volansky}, T. and {Witherell}, M. and 
	{Wright}, D. and {Zurek}, K.},
    title = "{Snowmass CF1 Summary: WIMP Dark Matter Direct Detection}",
  journal = {ArXiv e-prints},
archivePrefix = "arXiv",
   eprint = {1310.8327},
 primaryClass = "hep-ex",
 keywords = {High Energy Physics - Experiment, Astrophysics - Cosmology and Extragalactic Astrophysics, Astrophysics - High Energy Astrophysical Phenomena, Astrophysics - Instrumentation and Methods for Astrophysics, Physics - Instrumentation and Detectors},
     year = 2013,
    month = oct,
}
@ARTICLE{PaperMP,
   author = {{Aaboud}, M. and {Aad}, G. and {Abbott}, B. and {Abdallah}, J. and 
	{Abdinov}, O. and {Abeloos}, B. and {Abidi}, S.~H. and {AbouZeid}, O.~S. and 
	{Abraham}, N.~L. and {Abramowicz}, H. and et al.},
    title = "{Search for dark matter at $\sqrt{s}=\SI{13}{\TeV}$ in final states containing an energetic photon and large missing transverse momentum with the ATLAS detector}",
  journal = {European Physical Journal C},
archivePrefix = "arXiv",
   eprint = {1704.03848},
 primaryClass = "hep-ex",
     year = 2017,
    month = jun,
   volume = 77,
      eid = {393},
    pages = {393},
      doi = {10.1140/epjc/s10052-017-4965-8},
   adsurl = {http://adsabs.harvard.edu/abs/2017EPJC...77..393A},
  adsnote = {Provided by the SAO/NASA Astrophysics Data System}
}
@BOOK{SSMPrimer,
   author = {{Martin}, S.~P.},
    title = "{A Supersymmetry Primer}",
booktitle = {Perspectives on Supersymmetry.~Edited by KANE GORDON L.~Published by World Scientific Publishing Co.~Pte.~Ltd., 1998.~ISBN \#9789812839657, pp.~1-98},
     year = 1998,
   editor = {{Kane}, G.~L.},
publisher = {World Scientific Publishing Co},
    pages = {1-98},
      doi = {10.1142/9789812839657_0001},
   adsurl = {http://adsabs.harvard.edu/abs/1998pesu.book....1M},
  adsnote = {Provided by the SAO/NASA Astrophysics Data System}
}
@thesis{Pottgen:2016807,
      author        = {P\"ottgen, Ruth and Pauly, Thilo and Tapprogge, Stefan and
                       Wengler, Thorsten},
      title         = "{Search for Dark Matter in events with a highly energetic
                       jet and missing transverse momentum in proton-proton
                       collisions at $\sqrt{s}$ = \SI{8}{\TeV} with the ATLAS Detector.
                       }",
      month         = "Oct",
      year          = "2016",
      reportNumber  = "CERN-THESIS-2014-310",
      url           = "https://cds.cern.ch/record/2016807",
      note          = "Presented 08 May 2015",
}
@ARTICLE{Cirelli:paper,
   author = {{Cirelli}, M. and {Sala}, F. and {Taoso}, M.},
    title = "{Erratum: Erratum to: Wino-like Minimal Dark Matter and future colliders}",
  journal = {Journal of High Energy Physics},
archivePrefix = "arXiv",
   eprint = {1407.7058},
 primaryClass = "hep-ph",
     year = 2015,
    month = jan,
   volume = 1,
      eid = {41},
    pages = {41},
      doi = {10.1007/JHEP01(2015)041},
   adsurl = {http://adsabs.harvard.edu/abs/2015JHEP...01..041C},
  adsnote = {Provided by the SAO/NASA Astrophysics Data System}
}
@ARTICLE{madgraph,
   author = {{Alwall}, J. and {Frederix}, R. and {Frixione}, S. and {Hirschi}, V. and 
	{Maltoni}, F. and {Mattelaer}, O. and {Shao}, H.-S. and {Stelzer}, T. and 
	{Torrielli}, P. and {Zaro}, M.},
    title = "{The automated computation of tree-level and next-to-leading order differential cross sections, and their matching to parton shower simulations}",
  journal = {Journal of High Energy Physics},
archivePrefix = "arXiv",
   eprint = {1405.0301},
 primaryClass = "hep-ph",
 keywords = {Monte Carlo Simulations, NLO Computations},
     year = 2014,
    month = jul,
   volume = 7,
      eid = {79},
    pages = {79},
      doi = {10.1007/JHEP07(2014)079},
   adsurl = {http://adsabs.harvard.edu/abs/2014JHEP...07..079A},
  adsnote = {Provided by the SAO/NASA Astrophysics Data System}
}
@ARTICLE{pythia,
   author = {{Sj{\"o}strand}, T. and {Mrenna}, S. and {Skands}, P.},
    title = "{A brief introduction to PYTHIA 8.1}",
  journal = {Computer Physics Communications},
archivePrefix = "arXiv",
   eprint = {0710.3820},
 primaryClass = "hep-ph",
 keywords = {Lepton-lepton interactions, Hadron-induced high- and super-high-energy interactions, Quantum chromodynamics, Electroweak interactions, Models beyond the standard model},
     year = 2008,
    month = jun,
   volume = 178,
    pages = {852-867},
      doi = {10.1016/j.cpc.2008.01.036},
   adsurl = {http://adsabs.harvard.edu/abs/2008CoPhC.178..852S},
  adsnote = {Provided by the SAO/NASA Astrophysics Data System}
}
@article{geant4,
      author         = "Agostinelli, S. and others",
      title          = "{GEANT4: A Simulation toolkit}",
      collaboration  = "GEANT4",
      journal        = "Nucl. Instrum. Meth.",
      volume         = "A506",
      year           = "2003",
      pages          = "250-303",
      doi            = "10.1016/S0168-9002(03)01368-8",
      reportNumber   = "SLAC-PUB-9350, FERMILAB-PUB-03-339",
      SLACcitation   = "%%CITATION = NUIMA,A506,250;%%"
}
@ARTICLE{simulation,
   author = {{Aad}, G. and {Abbott}, B. and {Abdallah}, J. and {Abdelalim}, A.~A. and 
	{Abdesselam}, A. and {Abdinov}, O. and {Abi}, B. and {Abolins}, M. and 
	{Abramowicz}, H. and {Abreu}, H. and et al.},
    title = "{The ATLAS Simulation Infrastructure}",
  journal = {European Physical Journal C},
archivePrefix = "arXiv",
   eprint = {1005.4568},
 primaryClass = "physics.ins-det",
     year = 2010,
    month = dec,
   volume = 70,
    pages = {823-874},
      doi = {10.1140/epjc/s10052-010-1429-9},
   adsurl = {http://adsabs.harvard.edu/abs/2010EPJC...70..823A},
  adsnote = {Provided by the SAO/NASA Astrophysics Data System}
}
@ONLINE {ftfpbert,
    author = "{\geant~Collaboration}",
    title  = "FTFP\_BERT Physics List",
    url    = "http://geant4.web.cern.ch/geant4/UserDocumentation/UsersGuides/PhysicsListGuide/html/reference_PL/FTFP_BERT.html#pl-genpaper3"
}
@techreport{photons,
      title         = "{Expected photon performance in the ATLAS experiment}",
      institution   = "CERN",
      address       = "Geneva",
      number        = "ATL-PHYS-PUB-2011-007",
      month         = "Apr",
      year          = "2011",
      reportNumber  = "ATL-PHYS-PUB-2011-007",
      url           = "http://cds.cern.ch/record/1345329",
}
@techreport{met,
      title         = "{Performance of missing transverse momentum reconstruction
                       for the ATLAS detector in the first proton-proton
                       collisions at at $\sqrt s$= 13 TeV}",
      institution   = "CERN",
      address       = "Geneva",
      number        = "ATL-PHYS-PUB-2015-027",
      month         = "Jul",
      year          = "2015",
      reportNumber  = "ATL-PHYS-PUB-2015-027",
      url           = "http://cds.cern.ch/record/2037904",
}
@techreport{Brunt:2013489,
      author        = "Brunt, Benjamin Hylton and Cheng, Huajie and Francavilla,
                       Paolo and Issever, Cigdem and Lee, Claire Alexandra and
                       Liu, Bo and Loch, Peter and Lu, Feng and Lopez Mateos,
                       David and Mazini, Rachid and Perego, Marta Maria and
                       Petrov, Mariyan and Ratti, Maria Giulia and Khoo, Teng Jian
                       and Smith, Russell and Resconi, Silvia and Bortoletto,
                       Daniela and Cavalli, Donatella",
      title         = "{Expected performance of missing transverse momentum
                       reconstruction for the ATLAS detector at $\sqrt{s}=
                       13~\text{TeV}$}",
      institution   = "CERN",
      address       = "Geneva",
      number        = "ATL-COM-PHYS-2015-347",
      month         = "May",
      year          = "2015",
      reportNumber  = "ATL-COM-PHYS-2015-347",
      url           = "https://cds.cern.ch/record/2013489",
}

@ARTICLE{baak:histfitter,
   author = {{Baak}, M. and {Besjes}, G.~J. and {C{\^o}t{\'e}}, D. and {Koutsman}, A. and 
	{Lorenz}, J. and {Short}, D.},
    title = "{HistFitter software framework for statistical data analysis}",
  journal = {European Physical Journal C},
archivePrefix = "arXiv",
   eprint = {1410.1280},
 primaryClass = "hep-ex",
     year = 2015,
    month = apr,
   volume = 75,
      eid = {153},
    pages = {153},
      doi = {10.1140/epjc/s10052-015-3327-7},
   adsurl = {http://adsabs.harvard.edu/abs/2015EPJC...75..153B},
  adsnote = {Provided by the SAO/NASA Astrophysics Data System}
}





